<collection xmlns="http://www.loc.gov/MARC21/slim">
<record>
  <leader>01626nam0a2200289 i 450 </leader>
  <controlfield tag="001">IT\ICCU\CNCE\016526</controlfield>
  <controlfield tag="005">20030919000000.0</controlfield>
  <datafield tag="012" ind1=" " ind2=" ">
    <subfield code="a">,&amp;.a E..b a-no luqu (3) 1582 (R)</subfield>
    <subfield code="2">fei</subfield>
  </datafield>
  <datafield tag="100" ind1=" " ind2=" ">
    <subfield code="a">19970101d1582        0itac0103    ba</subfield>
  </datafield>
  <datafield tag="101" ind1=" " ind2=" ">
    <subfield code="a">ITA</subfield>
  </datafield>
  <datafield tag="102" ind1=" " ind2=" ">
    <subfield code="a">IT</subfield>
  </datafield>
  <datafield tag="200" ind1="1" ind2=" ">
    <subfield code="a">De i miracoli, et marauigliosi effetti dalla natura prodotti, libri IIII di Gio. Battista Porta napolitano. Nuouamente tradotti di latino in volgare, et con molta diligenza corretti, et illustrati. Con due tauole, una de capitoli, &amp; l&apos;altra delle cose piu notabili</subfield>
  </datafield>
  <datafield tag="210" ind1=" " ind2=" ">
    <subfield code="a">In Torino</subfield>
    <subfield code="c">appresso gl&apos;heredi del Beuilacqua</subfield>
    <subfield code="d">1582</subfield>
  </datafield>
  <datafield tag="215" ind1=" " ind2=" ">
    <subfield code="a">\16!, 147, \1! c.</subfield>
    <subfield code="d">8ʻ</subfield>
  </datafield>
  <datafield tag="620" ind1=" " ind2=" ">
    <subfield code="a">IT</subfield>
    <subfield code="d">Torino</subfield>
  </datafield>
  <datafield tag="700" ind1=" " ind2="1">
    <subfield code="a">Della_Porta,</subfield>
    <subfield code="b">Giovan Battista</subfield>
    <subfield code="3">IT\ICCU\CNCA\004706</subfield>
  </datafield>
  <datafield tag="712" ind1="0" ind2="0">
    <subfield code="a">Bevilacqua, Niccol ̣- eredi</subfield>
    <subfield code="3">IT\ICCU\CNCT\000513</subfield>
    <subfield code="4">650</subfield>
  </datafield>
  <datafield tag="790" ind1=" " ind2="1">
    <subfield code="a">Porta,</subfield>
    <subfield code="b">Giovanni Battista : della</subfield>
    <subfield code="3">IT\ICCU\CNCA\008915</subfield>
    <subfield code="z">Della_Porta, Giovan Battista</subfield>
  </datafield>
  <datafield tag="801" ind1=" " ind2="3">
    <subfield code="a">IT</subfield>
    <subfield code="b">ICCU</subfield>
    <subfield code="c">20201114</subfield>
  </datafield>
  <datafield tag="899" ind1=" " ind2=" ">
    <subfield code="a">Biblioteca Ottorino Marcolini - Universit ̉cattolica. Brescia</subfield>
    <subfield code="1">BS0211</subfield>
    <subfield code="2">ZBS 19</subfield>
  </datafield>
  <datafield tag="899" ind1=" " ind2=" ">
    <subfield code="a">Biblioteca Marucelliana. Firenze</subfield>
    <subfield code="1">FI0101</subfield>
    <subfield code="2">CFI MF</subfield>
  </datafield>
  <datafield tag="899" ind1=" " ind2=" ">
    <subfield code="a">Biblioteca statale. Lucca</subfield>
    <subfield code="1">LU0022</subfield>
    <subfield code="2">LUA BL</subfield>
  </datafield>
  <datafield tag="899" ind1=" " ind2=" ">
    <subfield code="a">Biblioteca Ambrosiana. Milano</subfield>
    <subfield code="1">MI0133</subfield>
    <subfield code="2">VBA 01</subfield>
  </datafield>
  <datafield tag="899" ind1=" " ind2=" ">
    <subfield code="a">Biblioteca Reale. Torino</subfield>
    <subfield code="1">TO0263</subfield>
    <subfield code="2">TO0 07</subfield>
  </datafield>
  <datafield tag="899" ind1=" " ind2=" ">
    <subfield code="a">Biblioteca internazionale La Vigna. Vicenza</subfield>
    <subfield code="1">VI0154</subfield>
    <subfield code="2">VIA LV</subfield>
  </datafield>
  <datafield tag="911" ind1=" " ind2=" ">
    <subfield code="a">Sul front.</subfield>
    <subfield code="9">IT\ICCU\CNCM\000387</subfield>
  </datafield>
  <datafield tag="921" ind1=" " ind2=" ">
    <subfield code="a">IT\ICCU\CNCM\000387</subfield>
    <subfield code="b">Pazienza (donna incatenata a una roccia sulla quale poggia una sfera armillare)</subfield>
    <subfield code="e">Superanda omnis fortuna - Hoc vno vive diu</subfield>
    <subfield code="c">Z937</subfield>
    <subfield code="d">Dimensioni: 4 x 4,1</subfield>
    <subfield code="f">CLESSIDRA</subfield>
    <subfield code="f">PAZIENZA</subfield>
    <subfield code="f">ROCCIA</subfield>
    <subfield code="f">SFERA</subfield>
    <subfield code="f">SUPERANDAO</subfield>
    <subfield code="g">1562-1598</subfield>
  </datafield>
</record>
</collection>
